<record xmlns:xsi="http://www.w3.org/2001/XMLSchema-instance" xmlns="http://www.loc.gov/MARC21/slim" xsi:schemaLocation="http://www.loc.gov/MARC21/slim http://www.loc.gov/standards/marcxml/schema/MARC21slim.xsd">

  <leader>01074nam a2200301Ia 4500</leader>
  <datafield ind1=" " tag="999" ind2=" ">
    <subfield code="c">559</subfield>
    <subfield code="d">559</subfield>
  </datafield>
  <controlfield tag="008">170208b2007    cr ||||| |||| 00| | spa d</controlfield>
  <datafield ind1=" " tag="020" ind2=" ">
    <subfield code="a">9789968411288</subfield>
  </datafield>
  <datafield tag="090" ind1=" " ind2=" ">
    <subfield code="a">05.05.03  </subfield>
    <subfield code="b">1477</subfield>
  </datafield>
  <datafield tag="100" ind1="1" ind2=" ">
    <subfield code="a">González Villanueva, Gustavo </subfield>
    <subfield code="9">2411</subfield>
  </datafield>
  <datafield ind2="0" tag="245" ind1="1">
    <subfield code="a">Escritores Latinoamericanos: estudio y comentarios: leo-pienso-opino / </subfield>
    <subfield code="c">dirigido por Gustavo González Villanueva</subfield>
  </datafield>
  <datafield ind1=" " tag="260" ind2=" ">
    <subfield code="a">San José, Costa Rica : </subfield>
    <subfield code="b">Promesa, </subfield>
    <subfield code="c">2007</subfield>
  </datafield>
  <datafield tag="300" ind1=" " ind2=" ">
    <subfield code="a">92 páginas</subfield>
  </datafield>
  <datafield ind1=" " tag="490" ind2=" ">
    <subfield code="a">Escritores Latinoamericanos, Vol.5</subfield>
  </datafield>
  <datafield tag="505" ind1=" " ind2=" ">
    <subfield code="t">Casa Tomada /</subfield>
    <subfield code="r">Julio Cortázar</subfield>
  </datafield>
  <datafield ind2=" " tag="505" ind1=" ">
    <subfield code="t">"Los hijos de la Malinche" El laberinto de la soledad /</subfield>
    <subfield code="r">Octavio Paz</subfield>
  </datafield>
  <datafield ind1=" " tag="505" ind2=" ">
    <subfield code="t">Antes del fin /</subfield>
    <subfield code="r">Ernesto Sábato</subfield>
  </datafield>
  <datafield tag="600" ind1="1" ind2="4">
    <subfield code="9">2427</subfield>
    <subfield code="a">CORTÁZAR, JULIO</subfield>
  </datafield>
  <datafield tag="600" ind1="1" ind2="4">
    <subfield code="9">2415</subfield>
    <subfield code="a">SÁBATO, ERNESTO</subfield>
  </datafield>
  <datafield tag="600" ind1="1" ind2="4">
    <subfield code="9">2428</subfield>
    <subfield code="a">PAZ, OCTAVIO</subfield>
  </datafield>
  <datafield ind2="4" ind1="1" tag="650">
    <subfield code="a">LITERATURA </subfield>
    <subfield code="9">655</subfield>
  </datafield>
  <datafield ind2="4" ind1="1" tag="650">
    <subfield code="a">AUTORES</subfield>
    <subfield code="9">2412</subfield>
  </datafield>
  <datafield ind2="4" ind1="1" tag="650">
    <subfield code="a">BIOGRAFÍAS</subfield>
    <subfield code="9">968</subfield>
  </datafield>
  <datafield ind2="4" tag="651" ind1=" ">
    <subfield code="a">AMÉRICA LATINA</subfield>
    <subfield code="9">273</subfield>
  </datafield>
  <datafield ind2=" " ind1="1" tag="700">
    <subfield code="9">2210</subfield>
    <subfield code="a">Ortega Figueroa, Humberto</subfield>
  </datafield>
  <datafield ind2=" " ind1="1" tag="700">
    <subfield code="9">2268</subfield>
    <subfield code="a">Jiménez Cataño, Rafael</subfield>
  </datafield>
  <datafield tag="700" ind1="1" ind2=" ">
    <subfield code="a">Kazmierczak, Marcin</subfield>
    <subfield code="9">2417</subfield>
  </datafield>
  <datafield ind1=" " tag="942" ind2=" ">
    <subfield code="2">z</subfield>
    <subfield code="c">01</subfield>
  </datafield>
</record>